@article{jain-1999,
  title={Data Clustering: A Review},
  author={Jain, A.K. and Murty, M.N. and Flynn, P.J.},
  journal={ACM Computing Surveys (CSUR)},
  volume=31,
  number=3,
  pages={264--323},
  issn={0360-0300},
  year=1999,
  publisher={ACM}
}

@article{reynolds2006clustering,
  title={Clustering Rules: A Comparison of Partitioning and Hierarchical
                  Clustering Algorithms},
  author={Reynolds, AP and Richards, G. and De La Iglesia, B. and
                  Rayward-{Smith}, {\relax V.J.}},
  journal={Journal of Mathematical Modelling and Algorithms},
  volume=5,
  number=4,
  pages={475--504},
  issn={1570-1166},
  year=2006,
  publisher={Springer}
}

@article{kuhn1955hungarian,
  title={The {Hungarian} Method for the Assignment Problem},
  author={Kuhn, H.W.},
  journal={Naval Research Logistics Quarterly},
  volume=2,
  number={1-2},
  pages={83--97},
  issn={1931-9193},
  year=1955,
  publisher={Wiley Online Library}
}

@article{miyamoto2003information,
  title={Information Clustering Based on Fuzzy Multisets},
  author={Miyamoto, S.},
  journal={Information Processing \& Management},
  volume={39},
  number={2},
  pages={195--213},
  year={2003},
  publisher={Elsevier}
}

@book{knuth98taocp2,
 author = {Knuth, Donald E.},
 title = {Seminumerical Algorithms},
 volume = 2,
 series = {The Art of Computer Programming},
 edition = {Third},
 year = 1998,
 isbn = {0-201-89684-2},
 publisher = {Addison-Wesley Longman Publishing Co., Inc.},
 address = {Reading, Mass., USA},
 }

@book{gareyjohnson79,
 author = {Garey, Michael R. and Johnson, David S.},
 title = {Computers and Intractability: A Guide to the Theory of
                  NP-Completeness},
 year = {1979},
 isbn = {0-7167-1044-7},
 publisher = {W. H. Freeman \& Co.},
 address = {New York, NY, USA}
}

@article{garey82quant,
author={Garey, Michael R. and Johnson, David S. and Witsenhausen, Hans S.},
journal={Information Theory, {IEEE} Transactions on},
title={The Complexity of the Generalized {Lloyd}-Max Problem (Corresp.)},
year={1982},
month={mar},
volume={28},
number={2},
pages={255--256},
keywords={ Quantization (signal); Signal quantization;},
doi={10.1109/TIT.1982.1056488},
ISSN={0018-9448}
}

@book{spath80,
author = {Sp\"{a}th,Helmuth},
title = {Cluster Analysis Algorithms},
year = {1980},
isbn = {0-85312-141-9},
publisher = {Ellis Horwood Limited},
address = {Chichester, West Sussex, England}
}

@book{arabiehubert96,
editor={Arabie, P. and Hubert, L.J. and De Soete, G.},
title={Clustering and Classification},
year={1996},
isbn={981-02-1345-9},
publisher={World Scientific Publishing Co. Pte. Ltd.},
address={PO Box 128, Farrer Road, Signapore 912805}
}

@incollection{arabiehubert96chapter,
editor={Arabie, P. and Hubert, L.J. and De Soete, G.},
author={Arabie, Phipps and Hubert, Lawrence J.},
title={An Overview of Combinatorial Data Analysis},
booktitle={Clustering and Classification},
pages={5--63},
year={1996},
isbn={981-02-1345-9},
publisher={World Scientific Publishing Co. Pte. Ltd.},
address={PO Box 128, Farrer Road, Signapore 912805}
}

@book{everitt80,
author={Everitt, Brian},
title={Cluster Analysis},
year={1980},
isbn={0-435-82296-9},
publisher={Heinemann Educational Books Ltd},
address={London, UK}
}

@incollection{wilks60,
author={Wilks, S. S.},
title={Multidimensional Statistical Scatter},
booktitle={Contributions to Probability and Statistics},
chapter={40},
editor={Olkin, Ingram and Ghurye, Sudhish G. and Hoeffding, Wassily
        and Madow, William G. and Mann, Henry B.},
year={1960},
publisher={Stanford University Press},
address={Stanford, California, USA}
}

@article{friedman1967criteria,
  title={On Some Invariant Criteria for Grouping Data},
  author={Friedman, H.P. and Rubin, J.},
  journal={Journal of the American Statistical Association},
  vol={62},
  issue={320},
  pages={1159--1178},
  year={1967},
  publisher={American Statistical Association}
}

@inproceedings{mahajan09,
 author = {Mahajan, Meena and Nimbhorkar, Prajakta and Varadarajan, Kasturi},
 title = {The Planar $k$-Means Problem is {NP}-Hard},
 booktitle = {Proceedings of the 3rd International Workshop on Algorithms and
                  Computation},
 series = {WALCOM '09},
 year = {2009},
 isbn = {978-3-642-00201-4},
 location = {Kolkata, India},
 pages = {274--285},
 numpages = {12},
 doi = {10.1007/978-3-642-00202-1_24},
 acmid = {1507122},
 publisher = {Springer-Verlag},
 address = {Berlin, Heidelberg},
}

@article {aloise09,
   author = {Aloise, Daniel and Deshpande, Amit and Hansen, Pierre and Popat,
                  Preyas},
   affiliation = {École Polytechnique de Montréal Montreal H3C 3A7 Canada},
   title = {{NP}-Hardness of {Euclidean} Sum-of-Squares Clustering},
   journal = {Machine Learning},
   publisher = {Springer Netherlands},
   issn = {0885-6125},
   keyword = {Computer Science},
   pages = {245--248},
   volume = {75},
   issue = {2},
   doi = {10.1007/s10994-009-5103-0},
   year = {2009}
}

@article{wilson97improvedheterogeneous,
    author = {D. Randall Wilson and Tony R. Martinez},
    title = {Improved Heterogeneous Distance Functions},
    journal = {Journal of Artificial Intelligence Research},
    year = 1997,
    volume = 6,
    pages = {1--34}
}

@article{hansen1997mathprog,
  title={Cluster analysis and mathematical programming},
  author={Hansen, P. and Jaumard, B.},
  journal={Mathematical programming},
  volume={79},
  number={1},
  pages={191--215},
  year={1997},
  publisher={Springer}
}

@inproceedings{inaba94weightedvoronoi,
 author = {Inaba, Mary and Katoh, Naoki and Imai, Hiroshi},
 title = {Applications of Weighted {Voronoi} Diagrams and Randomization to
                  Variance-Based $k$-Clustering},
 booktitle = {Proceedings of the Tenth Annual Symposium on Computational
                  Geometry},
 series = {SCG '94},
 year = {1994},
 isbn = {0-89791-648-4},
 location = {Stony Brook, New York, United States},
 pages = {332--339},
 numpages = {8},
 doi = {10.1145/177424.178042},
 acmid = {178042},
 publisher = {ACM},
 address = {New York, NY, USA},
} 

@article{jain2010data,
  title={Data Clustering: 50 Years Beyond $k$-Means},
  author={Jain, A.K.},
  journal={Pattern Recognition Letters},
  volume={31},
  number={8},
  pages={651--666},
  year={2010},
  publisher={Elsevier}
}

@phdthesis{aloise09exact,
  title={Exact Algorithms for Minimum Sum-of-Squares Clustering},
  author={Aloise, Daniel},
  school={Department of Mathematics and Industrial Engineering, \'{E}cole
                  Polytechnique de Montr\'{e}al},
  year=2009
}

@inproceedings{vattani2009exponential,
  title={$k$-Means Requires Exponentially Many Iterations Even in the Plane},
  author={Vattani, A.},
  booktitle={Proceedings of the 25th Annual Symposium on Computational
                  Geometry},
  pages={324--332},
  year={2009},
  organization={ACM}
}

@article{brusco2006repetitive,
  title={A Repetitive Branch-and-Bound Procedure for Minimum Within-Cluster
                  Sums of Squares Partitioning},
  author={Brusco, M.J.},
  journal={Psychometrika},
  volume={71},
  number={2},
  pages={347--363},
  year={2006},
  publisher={Springer}
}

@article{merle1999interior,
  title={An Interior Point Algorithm for Minimum Sum-of-Squares Clustering},
  author={Merle, O. and Hansen, P. and Jaumard, B. and Mladenovic, N.},
  journal={SIAM Journal on Scientific Computing},
  volume={21},
  number={4},
  pages={1485--1505},
  year={1999},
  publisher={Society for Industrial and Applied Mathematics}
}

@article{brusco2007comparison,
  title={A Comparison of Heuristic Procedures for Minimum Within-Cluster Sums
                  of Squares Partitioning},
  author={Brusco, M.J. and Steinley, D.},
  journal={Psychometrika},
  volume={72},
  number={4},
  pages={583--600},
  year={2007},
  publisher={Springer}
}

@article{klein1991optimal,
  title={Optimal Clustering: A Model and Method},
  author={Klein, G. and Aronson, J.E.},
  journal={Naval Research Logistics (NRL)},
  volume={38},
  number={3},
  pages={447--461},
  year={1991},
  publisher={John Wiley \& Sons, Inc.}
}

@article{palubeckis1997branch,
  title={A Branch-and-Bound Approach Using Polyhedral Results for a Clustering
                  Problem},
  author={Palubeckis, G.},
  journal={INFORMS Journal on Computing},
  volume={9},
  number={1},
  pages={30--42},
  year={1997},
  publisher={INFORMS}
}

@unpublished{gk2012agglomerative,
  title={An Agglomerative Method for the All-Squares Problem},
  author={George Kettleborough and Rayward-{Smith}, {\relax V.J.}},
  year={2012},
  note={In preparation}
}

@article{bell1934exponential,
  title = {Exponential Numbers},
  author = {Bell, E. T.},
  journal = {The American Mathematical Monthly},
  volume = {41},
  number = {7},
  pages = {411--419},
  ISSN = {00029890},
  language = {English},
  year = {1934},
  publisher = {Mathematical Association of America},
}

@article{marriott1982optimization,
  title={Optimization Methods of Cluster Analysis},
  author={Marriott, F. H. C.},
  journal={Biometrika},
  volume={69},
  number={2},
  pages={417--421},
  year={1982},
  publisher={Biometrika Trust}
}

@article{maronna1974,
     jstor_articletype = {research-article},
     title = {Multivariate Clustering Procedures with Variable Metrics},
     author = {Maronna, Ricardo and Jacovkis, Pablo M.},
     journal = {Biometrics},
     volume = 30,
     number = 3,
     jstor_formatteddate = {Sep., 1974},
     pages = {499--505},
     ISSN = {0006341X},
     abstract = {Several multivariate clustering methods are analyzed in which
                  each cluster may have a different metric depending on its
                  covariance matrix. Numerical experiments show that the only
                  reliable method among these is one using a metric suggested
                  by Rohlf [1970] based on the within cluster covariance
                  matrix normalized for unit determinant.},
     language = {English},
     year = 1974,
     publisher = {International Biometric Society},
     copyright = {Copyright © 1974 International Biometric Society},
}

@article{Rubin67optimal,
title = {Optimal Classification into Groups: An Approach for Solving the
                  Taxonomy Problem},
author = {Jerrold Rubin},
journal = {Journal of Theoretical Biology},
volume = {15},
number = {1},
pages = {103--144},
year = {1967},
issn = {0022-5193},
doi = {10.1016/0022-5193(67)90046-X}
}

@article{wallace1968information,
  title={An Information Measure for Classification},
  author={Wallace, C.S. and Boulton, D.M.},
  journal={The Computer Journal},
  volume={11},
  number={2},
  pages={185--194},
  year={1968},
  publisher={Oxford University Press}
}

@inproceedings{telgarsky2010hartigan,
  title={Hartigan’s Method: $k$-Means Clustering Without {Voronoi}},
  author={Telgarsky, M. and Vattani, A.},
  year={2010},
  booktitle={13th International Conference on Artificial Intelligence and
                  Statistics (AISTATS)}
}

@techreport{steinbach2000comparison,
  title={A Comparison of Document Clustering Techniques},
  author={Steinbach, M. and Karypis, G. and Kumar, V.},
  year={2000},
  number={00-034},
  institution={Department of Computer Science and Engineering, University of
                  Minnesota},
  address={Minneapolis,Minnesota,USA}
}

@article{gonzalez1985clustering,
  title={Clustering to Minimize the Maximum Intercluster Distance},
  author={Gonzalez, Teofilo F.},
  journal={Theoretical Computer Science},
  volume={38},
  pages={293--306},
  year={1985},
  issn={0304-3975},
  publisher={Elsevier}
}

@article{brucker1978complexity,
  title={On the Complexity of Clustering Problems},
  author={Br\"{u}cker, P.},
  journal={Optimization and Operations Research},
  volume={157},
  pages={45--54},
  year={1978},
  publisher={Lecture Notes in Economics and Mathematical Systems}
}

@article{sahni1976p,
  title={P-Complete Approximation Problems},
  author={Sahni, S. and Gonzalez, T.},
  journal={Journal of the ACM (JACM)},
  volume={23},
  number={3},
  pages={555--565},
  year={1976},
  publisher={ACM}
}

@article{delattre1980bicriterion,
  title={Bicriterion Cluster Analysis},
  author={Delattre, M. and Hansen, P.},
  journal={{IEEE} Transactions on Pattern Analysis and Machine Intelligence},
  volume={PAMI-2},
  number=4,
  pages={277--291},
  year=1980,
  publisher={IEEE}
}

@article{rao1971cluster,
     jstor_articletype = {research-article},
     title = {Cluster Analysis and Mathematical Programming},
     author = {Rao, M. R.},
     journal = {Journal of the American Statistical Association},
     jstor_issuetitle = {},
     volume = {66},
     number = {335},
     jstor_formatteddate = {Sep., 1971},
     pages = {622--626},
     ISSN = {01621459},
     abstract = {Cluster analysis involves the problem of optimal partitioning
                  of a given set of entities into a pre-assigned number of
                  mutually exclusive and exhaustive clusters. Here the problem
                  is formulated in two different ways with the distance
                  function (a) of minimizing the within groups sums of squares
                  and (b) minimizing the maximum distance within groups. These
                  lead to different kinds of linear and non-linear (0-1)
                  integer programming problems. Computational difficulties are
                  discussed and efficient algorithms are provided for some
                  special cases.},
     language = {English},
     year = {1971},
     publisher = {American Statistical Association},
     copyright = {Copyright © 1971 American Statistical Association},
}

@article {hansen87sumofdiameters,
   author = {Hansen, P. and Jaumard, B.},
   affiliation = {Rutgers Center for Operations Research Rutgers University 08903 New Brunswick NJ USA},
   title = {Minimum Sum of Diameters Clustering},
   journal = {Journal of Classification},
   publisher = {Springer New York},
   issn = {0176-4268},
   keyword = {Mathematics and Statistics},
   pages = {215--226},
   volume = {4},
   issue = {2},
   doi = {10.1007/BF01896987},
   year = {1987}
}

@article {johnson67hierarchical,
   author = {Johnson, Stephen},
   affiliation = {Bell Telephone Laboratories Murray Hill New Jersey USA Murray Hill New Jersey USA},
   title = {Hierarchical Clustering Schemes},
   journal = {Psychometrika},
   publisher = {Springer New York},
   issn = {0033-3123},
   keyword = {Behavioral Science},
   pages = {241--254},
   volume = {32},
   issue = {3},
   doi = {10.1007/BF02289588},
   year = {1967}
}

@article{doddi2000approximation,
  title={Approximation Algorithms for Clustering to Minimize the Sum of
                  Diameters},
  author={Doddi, S. and Marathe, M. and Ravi, S. and Taylor, D. and Widmayer,
                  P.},
  journal={Algorithm Theory-SWAT 2000},
  pages={41--51},
  year={2000},
  publisher={Springer}
}

@inproceedings{gibson2008clustering,
  title={On Clustering to Minimize the Sum of Radii},
  author={Gibson, M. and Kanade, G. and Krohn, E. and Pirwani, I.A. and
                  Varadarajan, K.},
  booktitle={Proceedings of the Nineteenth Annual ACM-SIAM Symposium on
                  Discrete Algorithms},
  pages={819--825},
  year={2008},
  organization={Society for Industrial and Applied Mathematics}
}

@incollection{bern1996approximation,
  title={Approximation Algorithms for Geometric Problems},
  author={Bern, M. and Eppstein, D.},
  booktitle={Approximation Algorithms for NP-hard Problems},
  editor={Dorit S. Hochbaum},
  pages={296--345},
  year={1996},
  publisher={PWS Publishing Company},
  address={Boston,MA,USA}
}

@book{hartigan1975clustering,
  title={Clustering Algorithms},
  author={Hartigan, J.A.},
  isbn={9780471356455},
  lccn={74014573},
  series={Probability and Mathematical Statistics},
  year={1975},
  publisher={John Wiley \& Sons, Inc.}
}

@inproceedings{macqueen1967some,
  title={Some Methods for Classification and Analysis of Multivariate
                  Observations},
  author={Mac{Q}ueen, J.},
  booktitle={Proceedings of the Fifth {Berkeley} Symposium on Mathematical
                  Statistics and Probability},
  volume={1},
  pages={281--297},
  year={1967},
  organization={California, USA}
}

@article{degroot1999selecting,
  title={Selecting a Representative Training Set for the Classification of
                  Demolition Waste Using Remote {NIR} Sensing},
  author={De Groot, PJ and Postma, GJ and Melssen, WJ and Buydens, LMC},
  journal={Analytica Chimica Acta},
  volume={392},
  number={1},
  pages={67--75},
  year={1999},
  publisher={Elsevier}
}

@inproceedings{arthur2007kmeans++,
  title={$k$-Means++: The Advantages of Careful Seeding},
  author={Arthur, D. and Vassilvitskii, S.},
  booktitle={Proceedings of the Eighteenth Annual {ACM-SIAM} Symposium on
                  Discrete Algorithms},
  pages={1027--1035},
  year={2007},
  organization={Society for Industrial and Applied Mathematics}
}

@article{forgy65cluster,
title={Cluster Analysis of Multivariate Data: Efficiency vs. Interpretability
                  of Classifications},
author={Forgy, Edward},
journal={Biometrics},
volume={21},
pages={768--769},
year={1965},
publisher = {International Biometric Society}
}

@inproceedings{he2004initialization,
  title={Initialization of Cluster Refinement Algorithms: A Review and
                  Comparative Study},
  author={Ji He and Man Lan and Chew-Lim Tan and Sam-Yuan Sung and Hwee-Boon
                  Low},
  booktitle={Proceedings of 2004 {IEEE} International Joint Conference on
                  Neural Networks},
  volume={1},
  year={2004},
  organization={IEEE}
}

@article{redmond2007method,
  title={A Method for Initialising the $k$-Means Clustering Algorithm Using
                  $kd$-Trees},
  author={Redmond, S.J. and Heneghan, C.},
  journal={Pattern Recognition Letters},
  volume={28},
  number={8},
  pages={965--973},
  year={2007},
  publisher={Elsevier}
}

@article{khan2004clusterecenter,
 author = {Khan, Shehroz S. and Ahmad, Amir},
 title = {Cluster Center Initialization Algorithm for $k$-Means Clustering},
 journal = {Pattern Recognition Letters},
 issue_date = {August 2004},
 volume = {25},
 number = {11},
 month = aug,
 year = {2004},
 issn = {0167-8655},
 pages = {1293--1302},
 numpages = {10},
 doi = {10.1016/j.patrec.2004.04.007},
 acmid = {1046111},
 publisher = {Elsevier Science Inc.},
 address = {New York, NY, USA},
 keywords = {K-means clustering, cost function, density based multiscale data
                  condensation, initial cluster centers},
} 

@article{cao09initialization,
title = {An Initialization Method for the $k$-Means Algorithm using
                  Neighborhood Model},
author = {Fuyuan Cao and Jiye Liang and Guang Jiang},
journal = {Computers \& Mathematics with Applications},
volume = {58},
number = {3},
pages = {474 - 483},
year = {2009},
issn = {0898-1221},
doi = {10.1016/j.camwa.2009.04.017},
keywords = {Neighborhood model},
keywords = {Initial cluster centers},
keywords = {Cohesion degree},
keywords = {Coupling degree},
keywords = {K  -Means clustering algorithm}
}

@article{yedla2010enhancing,
title={Enhancing $k$-Means Clustering Algorithm with Improved Initial Center},
author={Yedla, Madhu and Pathakota, Srinivasa Rao and Srinivasa, T M},
year={2010},
journal={International Journal of Computer Science and Information
                  Technologies},
volume={1},
number={2},
pages={121--125}
}

@inproceedings{zhang2009initialcenters,
  title={$k$-Means Clustering Algorithm with Improved Initial Center},
  author={Zhang Chen and Xia Shixiong},
  booktitle={Second International Workshop on Knowledge Discovery and Data
                  Mining},
  pages={790--792},
  year={2009},
  organization={IEEE}
}

@article{Erisoglu2011intiailcenters,
 author = {Erisoglu, Murat and Calis, Nazif and Sakallioglu, Sadullah},
 title = {A New Algorithm for Initial Cluster Centers in $k$-Means Algorithm},
 journal = {Pattern Recognition Letters},
 issue_date = {October, 2011},
 volume = {32},
 number = {14},
 month = oct,
 year = {2011},
 issn = {0167-8655},
 pages = {1701--1705},
 numpages = {5},
 doi = {10.1016/j.patrec.2011.07.011},
 acmid = {2039656},
 publisher = {Elsevier Science Inc.},
 address = {New York, NY, USA},
 keywords = {Error percentage, Initial cluster centers, Rand index, Wilks'
                  lambda test statistic, k-Means algorithm},
} 

@inproceedings{yuan04initial,
author={Fang Yuan and Zeng-Hui Meng and Hong-Xia Zhang and Chun-Ru Dong},
booktitle={Proceedings of International Conference on Machine Learning and
                  Cybernetics},
title={A New Algorithm to get the Initial Centroids},
year={2004},
volume={2},
pages={1191--1193},
keywords={ centroid selection; initial centroids; k-means clustering
                  algorithm; computational complexity; optimisation; pattern
                  clustering;},
doi={10.1109/ICMLC.2004.1382371},
}

@article {ballhall67clustering,
author = {Ball, Geoffrey H. and Hall, David J.},
title = {A Clustering Technique for Summarizing Multivariate Data},
journal = {Behavioral Science},
volume = {12},
number = {2},
publisher = {John Wiley \& Sons, Ltd.},
issn = {1099-1743},
doi = {10.1002/bs.3830120210},
pages = {153--155},
year = {1967},
}

@article{lloyd1982least,
  title={Least Squares Quantization in {PCM}},
  author={Lloyd, S. P.},
  journal={IEEE Transactions on Information Theory},
  volume={28},
  number={2},
  pages={129--137},
  year={1982},
  publisher={IEEE}
}

@book{kaufman2005finding,
  title={Finding Groups in Data: An Introduction to Cluster Analysis},
  author={Kaufman, L. and Rousseeuw, P.J.},
  isbn={9780471735786},
  lccn={2005278659},
  year={1990},
  publisher={John Wiley \& Sons, Ltd.}
}

@phdthesis{wirth04approx,
author={Wirth, Anthony Ian},
title={Approximation Algorithms for Clustering},
school={Princeton University},
month={January},
year={2005}
}

@inproceedings{cormode2008approximation,
  title={Approximation Algorithms for Clustering Uncertain Data},
  author={Cormode, G. and McGregor, A.},
  booktitle={Proceedings of the Twenty-seventh {ACM} {SIGMOD-SIGACT-SIGART}
                  Symposium on Principles of Database Systems},
  pages={191--200},
  year={2008},
  organization={ACM}
}

@article{beale1969euclidean,
  title={{Euclidean} Cluster Analysis},
  author={Beale, E. M. L},
  journal={Bulletin of the International Statistical Institute},
  volume={43},
  number={2},
  pages={92--94},
  year={1969}
}

@article{banerjee2005clustering,
  title={Clustering with {Bregman} Divergences},
  author={Banerjee, A. and Merugu, S. and Dhillon, I.S. and Ghosh, J.},
  journal={The Journal of Machine Learning Research},
  volume={6},
  pages={1705--1749},
  year={2005}
}

@article{ng2002clarans,
  title={{CLARANS}: A Method for Clustering Objects for Spatial Data Mining},
  author={Ng, R.T. and Han, J.},
  journal={{IEEE} Transactions on Knowledge and Data Engineering},
  volume={14},
  number={5},
  pages={1003--1016},
  year={2002},
  publisher={IEEE}
}

@article{hansen1978complete,
  title={Complete-Link Cluster Analysis by Graph Coloring},
  author={Hansen, P. and Delattre, M.},
  journal={Journal of the American Statistical Association},
  pages={397--403},
  year={1978}
}

@article{sibson1973slink,
  title={{SLINK}: An Optimally Efficient Algorithm for the Single-Link Cluster
                  Method},
  author={Sibson, R.},
  journal={The Computer Journal},
  volume={16},
  number={1},
  pages={30--34},
  year={1973}
}

@article{garey76simplified,
title = {Some Simplified {NP}-Complete Graph Problems},
author = {M.R. Garey and D.S. Johnson and L. Stockmeyer},
journal = {Theoretical Computer Science},
volume = {1},
number = {3},
pages = {237--267},
year = {1976},
issn = {0304-3975},
doi = {10.1016/0304-3975(76)90059-1}
}

@incollection{karp72twentyone,
title = {Reducibility Among Combinatorial Problems},
author = {Karp, Richard M.},
booktitle = {Complexity of Computer Computations},
editor = {Miller R. E. and Thatcher, J. W.},
year = {1972},
pages = {85--103},
publisher = {Plenum Press},
address = {New York}
}

@article{gonzalez1982computational,
  title={On the Computational Complexity of Clustering and Related Problems},
  author={Gonzalez, Teofilo F.},
  journal={System Modeling and Optimization},
  volume={38},
  pages={174--182},
  year={1982},
  issn={0170-8643},
  publisher={Springer},
  address={Berlin}
}

@article{pakhira2009modified,
  title={A Modified $k$-means Algorithm to Avoid Empty Clusters},
  author={Pakhira, M.K.},
  year={2009},
  journal={International Journal of Recent Trends in Engineering},
  volume={1},
  number={1}
}
