@article{rand-1971,
jstor_articletype = {research-article},
title = {Objective Criteria for the Evaluation of Clustering Methods},
author = {Rand, W.M.},
journal = {Journal of the American Statistical Association},
jstor_issuetitle = {},
volume = {66},
number = {336},
jstor_formatteddate = {Dec., 1971},
pages = {846--850},
ISSN = {01621459},
language = {English},
year = {1971},
publisher = {American Statistical Association},
copyright = {Copyright © 1971 American Statistical Association},
}

@article{Hamers-1989,
title = {Similarity Measures in Scientometric Research: The {Jaccard} Index
         Versus {Salton's} Cosine Formula},
journal = {Information Processing \& Management},
volume = {25},
number = {3},
pages = {315--318},
year = {1989},
note = {},
issn = {0306-4573},
doi = {10.1016/0306-4573(89)90048-4},
author = {L. Hamers and Y. Hemeryck and G. Herweyers and M. Janssen
          and H. Keters and R. Rousseau and A. Vanhoutte}
}

@article{wallace-1983,
jstor_articletype = {research-article},
title = {A Method for Comparing Two Hierarchical Clusterings: Comment},
author = {Wallace, D.L.},
journal = {Journal of the American Statistical Association},
jstor_issuetitle = {},
volume = {78},
number = {383},
jstor_formatteddate = {Sep., 1983},
pages = {569--576},
ISSN = {01621459},
abstract = {},
language = {English},
year = {1983},
publisher = {American Statistical Association},
copyright = {Copyright © 1983 American Statistical Association},
}

@article {hubert-arabie-1985,
author = {Hubert, L. and Arabie, P.},
affiliation = {Graduate School of Education The University of California
               93106 Santa Barbara California USA},
title = {Comparing Partitions},
journal = {Journal of Classification},
publisher = {Springer New York},
issn = {0176-4268},
keyword = {Computer Science},
pages = {193--218},
volume = {2},
issue = {1},
doi = {10.1007/BF01908075},
year = {1985}
}

@inproceedings{meila-2005,
author = {M. Meilă},
title = {Comparing Clusterings: An Axiomatic View},
booktitle = {In ICML ’05: Proceedings of the 22nd International Conference
             on Machine Learning},
year = {2005},
pages = {577--584},
publisher = {ACM Press}
}

@inproceedings{larsen-aone-1999,
author = {Larsen, B. and Aone, C.},
title = {Fast and Effective Text Mining Using Linear-Time Document Clustering},
booktitle = {Proceedings of the Fifth ACM SIGKDD International Conference
             on Knowledge Discovery and Data Mining},
series = {KDD '99},
year = {1999},
isbn = {1-58113-143-7},
location = {San Diego, California, United States},
pages = {16--22},
numpages = {7},
doi = {10.1145/312129.312186},
acmid = {312186},
publisher = {ACM},
address = {New York, NY, USA},
keywords = {clustering, multi-document summarization, text mining},
}

@article{meila-2007,
author = {M. Meilă},
title = {Comparing Clusterings--An Information Based Distance},
journal = {Journal of Multivariate Analysis},
volume = {98},
number = {5},
pages = {873--895},
year = {2007},
note = {},
issn = {0047-259X},
doi = {10.1016/j.jmva.2006.11.013},
}

@article{fred-jain-2003,
author = {A.L.N. Fred and A.K. Jain},
title = {Robust Data Clustering},
journal = {Computer Vision and Pattern Recognition, IEEE Computer Society
           Conference on},
volume = {2},
issn = {1063-6919},
year = {2003},
pages = {128},
doi = {10.1109/CVPR.2003.1211462},
publisher = {IEEE Computer Society},
address = {Los Alamitos, CA, USA},
}

@article {bae2010comparison,
author = {Bae, E. and Bailey, J. and Dong, G.},
affiliation = {NICTA Victoria Laboratory, Department of Computer Science
               and Software Engineering, The University of Melbourne,
               Parkville, Melbourne, VIC Australia},
title = {A Clustering Comparison Measure Using Density Profiles and
         its Application to the Discovery of Alternate Clusterings},
journal = {Data Mining and Knowledge Discovery},
publisher = {Springer Netherlands},
issn = {1384-5810},
keyword = {Computer Science},
pages = {427--471},
volume = {21},
issue = {3},
doi = {10.1007/s10618-009-0164-z},
year = {2010}
}

@article{fowlkes-mallows-1983,
jstor_articletype = {research-article},
title = {A Method for Comparing Two Hierarchical Clusterings},
author = {Fowlkes, E.B. and Mallows, C.L.},
journal = {Journal of the American Statistical Association},
jstor_issuetitle = {},
volume = {78},
number = {383},
jstor_formatteddate = {Sep., 1983},
pages = {553--569},
ISSN = {01621459},
language = {English},
year = {1983},
publisher = {American Statistical Association},
copyright = {Copyright © 1983 American Statistical Association},
}

@conference{ben-hur-2001,
title={A Stability Based Method for Discovering Structure in Clustered Data},
author={Ben-Hur, A. and Elisseeff, A. and Guyon, I.},
booktitle={Pacific Symposium on Biocomputing 2002: Kauai, Hawaii, 3-7 January 2002},
pages={6},
isbn={9-810-24777-X},
year={2001},
organization={World Scientific Pub Co Inc}
}

@article{meila-2001,
  title={An Experimental Comparison of Model-Based Clustering Methods},
  author={Meilă, M. and Heckerman, D.},
  journal={Machine Learning},
  volume={42},
  number={1},
  pages={9--29},
  issn={0885-6125},
  year={2001},
  publisher={Springer}
}

@techreport{van-dongen-2000,
 author = {van Dongen, S.},
 title = {Performance Criteria for Graph Clustering
          and {Markov} Cluster Experiments},
 year = {2000},
 institution = {CWI (Centre for Mathematics and Computer Science)},
 address = {Amsterdam, The Netherlands, The Netherlands},
}

@book{mirkin1996mathematical,
  title={Mathematical Classification and Clustering},
  author={Mirkin, B.G.},
  isbn={978-0-792-34159-8},
  lccn={96028669},
  series={Nonconvex Optimization and its Applications},
  year={1996},
  publisher={Kluwer Academic Pubishers}
}

@article{mirkin1970measurement,
title={Measurement of the Distance Between Distinct Partitions of a Finite Set
                  of Objects},
author={Mirkin, B.G. and Chernyi, L.B.},
journal={Automation and Remote Control},
volume={31},
pages={786--792},
year={1970}
}

@article{arabie1973multidimensional,
  title={Multidimensional Scaling of Measures of Distance Between Partitions},
  author={Arabie, P. and Boorman, S.A.},
  journal={Journal of Mathematical Psychology},
  volume={10},
  number={2},
  pages={148--203},
  year={1973},
  publisher={Elsevier}
}

@book{stanley2000enumerative,
  title={Enumerative Combinatorics, Volume I},
  author={Stanley, R.P.},
  edition={Second},
  isbn={978-0-521-66351-9},
  lccn={96044267},
  series={Cambridge Studies in Advanced Mathematics},
  number={49},
  year={2000},
  publisher={Cambridge University Press}
}

@article{dobinski1877summation,
title={Summirung der Reihe $\sum n^m/n!$ für $m = 1,2,3,4,5,\dotsc$},
author={Dobiński, G.},
journal={Archiv der Mathematik und Physik},
volume={61},
pages={333--336},
year={1877},
publisher={C. A. Koch's Verlagsbuchshandlung},
address={Leipzig}
}
