@book{durbin1998biological,
title={Biological Sequence Analysis: Probabilistic Models of Proteins and Nucleic Acids}, author={Durbin, R. and Eddy, S. and Krogh, A. and Mitchison, G.},
   year={1998},
    publisher={Cambridge University Press} }


@Article{ liti,

	author = "G. Liti and D. M. Carter and A. M. Moses and J. Warringer and L. Parts and S. A. James and R. P. Davey and I. N. Roberts and A. Burt and V. Koufopanou and I. J. Tsai and C. M. Bergman and D. Bensasson and M. J. O'Kelly and A. {van Oudenaarden} and D. B. Barton and E. Bailes and A. N. Nguyen and M. Jones and M. A. Quail and I. Goodhead and S. Sims and F. Smith and A. Blomberg and R. Durbin and E. J. Louis",

	journal = "Nature",

	number = "7236",

	pages = "337--41",

	title = "{Population genomics of domestic and wild yeasts}",

	volume = "458",

	year = "2009"

}



@Article{ cavalli,

	author = "L. L. Cavalli-Sforza and A. W. Edwards",

	journal = "Am J Hum Genet",

	number = "3 Pt 1",

	pages = "233--57",

	title = "{Phylogenetic analysis. Models and estimation procedures}",

	volume = "19",

	year = "1967"

}







@book{SS03,

  title={Phylogenetics},

  author={Semple, Charles and Steel, Mike},

  isbn={9780198509424},

  lccn={2002027406},

  series={Oxford Lecture Series in Mathematics and its Applications},

  year={2003},

  publisher={Oxford University Press}

}



@article {DHS11,

   author = {Dress, Andreas W. M. and Huber, Katharina T. and Steel, Mike},

   affiliation = {CAS-MPG Partner Institute and Key Lab for Computational Biology, Shanghai, China},

   title = {`{Lassoing}' a Phylogenetic Tree {I}: Basic Properties, Shellings, and

                  Covers},

   year = {2011},

   journal = {Journal of Mathematical Biology},

   publisher = {Springer Berlin/Heidelberg},

   issn = {0303-6812},

   keyword = {Mathematics and Statistics},

   pages = {1--29},

   doi = {10.1007/s00285-011-0450-4}

}



@article{HP13,

title={Lassoing and Corralling Rooted Phylogenetic Trees},

author={Huber, Katharina T. and Popescu, Andrei-Alin},

year={2013},

issn={0092-8240},

journal={Bulletin of Mathematical Biology},

volume={75},

number={3},

}



@unpublished{HK14,

author={Huber, Katharina T. and George Kettleborough},

title={Reconstructing Rooted {$X$}-trees from their Lassos},

%year={submitted},

note={submitted}

}



@article{GG99,

  title={Approximations par arbre d'une distance partielle},

  author={Gu\'enoche, Alain and Grandcolas, Stéphane},

  journal={Mathématiques, Informatique et Sciences Humaines},

  volume={37},

  number={146},

  pages={51--64},

  year={1999},

  publisher={Editions de l'école des hautes études en sciences sociales}

}



@article{M01,

  title={Une nouvelle méthode efficace pour la reconstruction des arbres additifs à partir des matrices de distances incomplètes},

  author={Makarenkov, Vladimir},

  journal={Proceedings of the 8-ièmes Rencontres de la Société Francophone de Classification},

  pages={238--244},

  year={2001}

}



@article{GLM04,

  title={On the Extension of a Partial Metric to a Tree Metric},

  author={Gu\'enoche, Alain and Leclerc, Bruno and Makarenkov, Vladimir},

  journal={Discrete Mathematics},

  volume={276},

  number={1},

  pages={229--248},

  year={2004},

  publisher={Elsevier}

}



@article{GS94,

  title={Pyramidal Classification Based on Incomplete Dissimilarity Data},

  author={Gaul, Wolfgang and Schader, Martin},

  journal={Journal of Classification},

  volume={11},

  number={2},

  pages={171--193},

  year={1994},

  publisher={Springer}

}



@article{dS84,

  title={Ultrametric Tree Representations of Incomplete Dissimilarity Data},

  author={De Soete, Geert},

  journal={Journal of Classification},

  volume={1},

  number={1},

  pages={235--242},

  year={1984},

  publisher={Springer}

}



@incollection{SG94,

  title={The {MVL} (Missing Values Linkage) Approach for Hierarchical Classification when Data are Incomplete},

  author={Schader, M and Gaul, W},

  booktitle={Analyzing and Modeling Data and Knowledge},

  pages={107--115},

  year={1992},

  publisher={Springer}

}



@article{FSW95,

  title={A Robust Model for Finding Optimal Evolutionary Trees},

  author={Farach, Martin and Kannan, Sampath and Warnow, Tandy},

  journal={Algorithmica},

  volume={13},

  number={1-2},

  pages={155--179},

  year={1995}

}





@article{PSBLHC04,

  title={Phylogenomics of Eukaryotes: Impact of Missing Data 

on Large Alignments},

  author={Philippe, Hervé and Snell, Elizabeth A. and Bapteste, Eric and Lopez,

                  Philippe and Holland, Peter W.H. and Casane, Didier},

  journal={Molecular Biology and Evolution},

  volume={21},

  number={9},

  pages={1740--1752},

  year={2004},

  publisher={SMBE}

}



@article{SMS10,

  title={Phylogenomics with Incomplete Taxon Coverage: The Limits to Inference},

  author={Sanderson, Michael and McMahon, Michelle and Steel, Mike},

  journal={{BMC} Evolutionary Biology},

  volume={10},

  number={1},

  pages={155},

  year={2010}

}



@article{RBP12,

  title={Impact of missing data on phylogenies inferred from 

empirical phylogenomic data sets},

  author={Roure, Beatrice and Baurain, Denis and Philippe, Herve  },

  journal={Molecular Biology and Evolution},

  volume={30},

  number={1},

  pages={197--214},

  year={2012}

}







@book{DHKMS11,

  title={Basic Phylogenetic Combinatorics},

  author={Dress, A. and Huber, K.T. and Koolen, J. and Moulton, V. and

                  Spillner, A.},

  isbn={9780521768320},

  lccn={2011043264},

  year={2012},

  publisher={Cambridge University Press}

}



@book{BG91,

  title={Trees and Proximity Representations},

  author={Barthélemy, J.P. and Guénoche, A.},

  isbn={9780471922636},

  lccn={91013808},

  year={1991},

  publisher={Wiley}

}



@article{HS14,

title={Reconstructing Fully-Resolved Trees from Triplet Cover Distances},

author={Huber, K.T. and Steel, M.},

journal={Electronic Journal of Combinatorics},

volume={21},

issue={2},

pages={P2.15},

 year={2014}

}





@article{WS08,

title={Calibrating the avian molecular clock},

author={Weir, J T. and Schluter, D},

year={2008},

journal={Molecular Ecology},

volume={17},

pages={2321-2328}

}







@article{SS10,

title       = {Characterizing phylogenetically decisive taxon coverage},

author      = {Steel, M and Sanderson, M. J.},

journal     = {Applied Mathematics Letters},

volume      = {23},

issue={},

year        = {2010},

pages       = {82-86}

} 





@article{WS04,

title={Ice sheets promote species in boreal birds},

author={Weir, J T. and Schluter, D},

year={2008},

journal={Proceedings of the Royal Society of London B Biological Sciences},

volume={271},

pages={1881-1997},

}





@incollection{BC09,

  title={Molecular phylogeography of snakes},

  author={Burbrink, FT and Castoe, TA },

  booktitle={Snakes:Ecology and conservation},

  pages={38-77},

  year={2009},

  publisher={Cornell University Press}

}



@incollection{DRS,

  title={Tutorial 4.1},

  author={Drummond, A. and Rambaut, A. and Suchard, M},

  booktitle={Beast Tutorial},

  pages={},

  year={},

  publisher={http://beast.bio.ed.ac.uk/}

}

@article{BHKVWXSRD14,

title="{BEAST 2: A Software Platform for Bayesian Evolutionary Analysis}",

author={Bouckaert, R and Heled, J and K{\"u}hnert, D and Vaughan, T and Wu, C-H and Xie, D and Suchard, M.\,A. and Rambaut, A and Drummond, A.\,J.},

journal={PLoS Comput Biol},

volume={10},

pages={e1003537},

year={2014}

}



@article{CSTV98,

title       = {Mitochondrial DNA and phylogeography of 

the grasshopper Trimerotropis pallidipennis in relation 

to clinical distribution of chromosome polymorphisms},

author      = {Confalonieri, VA and  Sequeira, AS and Todaro,

L and Vilardi, JC},

journal     = {Heredity},

volume      = {81},

issue={},

year        = {1998},

pages       = {444-452}

} 





@Article{CG08,

AUTHOR = {Criscuolo, Alexis and Gascuel, Olivier},

TITLE = {Fast {NJ}-like algorithms to deal with incomplete distance matrices},

JOURNAL = {BMC Bioinformatics},

VOLUME = {9},

YEAR = {2008},

NUMBER = {1},

}



@article{SN87,

author = {Saitou, N and Nei, M}, 

title = {The neighbor-joining method: a new method for reconstructing phylogenetic trees},

volume = {4}, 

number = {4}, 

pages = {406-425}, 

year = {1987}, 

journal = {Molecular Biology and Evolution} 

}



@article{S58,

  title={A statistical method for evaluating systematic relationships},

  author={Sokal, Robert R},

  journal={University of Kansas Science Bulletin},

  volume={38},

  pages={1409--1438},

  year={1958}

}



@article{G97,

title={{BIONJ}: an improved version of the NJ algorithm based 

on a simple model of sequence data},

 author={Gascuel, Olivier},

journal = {Molecular Biology and Evolution}, 

 volume={14},

  pages={685--695},

  year={1997}

}



@article{WJDDR14,

title = "{Ribosomal DNA Sequence Heterogeneity Reflects Intraspecies Phylogenies and Predicts Genome Structure in Two Contrasting Yeast Species}",

author = {West, Claire and James, Stephen A. and Davey, Robert P. and Dicks, Jo and Roberts, Ian N.}, 

journal = {Systematic Biology},

volume = {\url{http://dx.doi.org/10.1093/sysbio/syu019}},

year = {2014}

}





@book{F93,

  title={{PHYLIP}- Phylogenetic Inference Package, version3.5c},

  author={Felsenstein, J},

  year={1993},

  publisher={Distributed by the author, Department of Genetics, University of

Washington, Seattle, USA}

}



@incollection{LL04,

  title={Everything you always wanted to know about the average consensus

and more},

  author={Lapointe, F.\,J. and Levasseur, C},

  booktitle={Phylogenetic Supertrees: Combining information to 

reveal the tree of life, O.\,R.\,P.\,Bininda-Emonds (eds)},

  pages={87--105},

  year={2004},

  publisher={Kluwer Academic Publishers}

}



@book{BE04,

  title={Phylogenetic Supertrees: Combining information to 

reveal the tree of life},

  author={Bininda-Emonds, O R P},

  year={2004},

  publisher={Kluwer Academic Publishers}

}



@article{BGB13,

title={FlipCut Supertrees: Towards matrix representation 

accuracy in polynomial time},

author={Brinkmeyer, M and Griebel, T and Boecker, S},

journal={Algorithmica}, 

 volume={67},

pages={142-160},

 year={2013}

}



@article{W04,

 title={Constructing rooted supertrees using distances}, 

author={Willson, S J},

journal={Bull. Math. Biol.},

 volume={66},

issue={6},

pages={1755--1783},

 year={2004}

}



@article{QG06,

 title={The supermatrix approach to systematics}, 

author={Queiroz, A. and Gatesy, J.},

journal={Trends in Ecology and Evolution},

 volume={22},

issue={1},

pages={34--41},

 year={2006}

}





@article{MMRKMM13,

 title={Selecting informative subsets of sparse suprematrics increases 

the chance to find correct trees}, 

author={Misof, B and Meyer, B and Reumont, von B M and K\"uck, P and Misof, K 

and Meusemann, K},

journal={BMC Bioinformatics},

 volume={14},

pages={348},

 year={2013}

}





@article{K11,

 title={Consequences of different null models on the tree shape

bias of supertree methods}, 

author={Kupczok, A},

journal={Systematic Biology},

 volume={60},

issue={2},

pages={218--225},

 year={2011}

}







@Article{CBDG06,

AUTHOR = {Criscuolo, Alexis and Berry, Vincent and Douzery, E.J.P and

Gascuel, Olivier},

TITLE = {SDM: a fast distance-based approach for (Super)Tree building

in phylogenomics},

JOURNAL = {Systematic Biology},

VOLUME = {55},

issue={5},

YEAR = {2006},

pages = {740--755},

}







@Article{HH-RHMSW13,

AUTHOR = {Hellmuth, M and Hernandez-Rosales, M and Huber, 

K T and Moulton, V and Stadler, P F},

TITLE = {Orthology relations, symbolic ultrametrics, and co-graphs},

JOURNAL = {Journal of Mathematical Biology},

VOLUME = {66},

issue={1--2},

YEAR = {2013},

pages = {399-420},

}



@Article{SBLDR08,

AUTHOR = {Scornavacca, C. and Berry, V. and Lefort, V. and 

Douzery, E.J.P and Ranwez, V.},

TITLE = {PhySIC$\_$IST: cleaning source

trees to infer more informative supertrees},

JOURNAL = {BMC Bioinformatics},

VOLUME = {9}, 

pages = {413},

YEAR = {2008}

}



@Article{gedifluxold,

AUTHOR = {Leigh, F and Chiapparino, E and Donini, P and Ganal, M and

Guiard, J and Hamrit, S and Heckenberger, M and Huang, X-Q and van 

Kaauwen, M and Kochieva, E and Koebner, R and Law, 

J R and Lea, V and Le Clerc, V 

and van der Lee, T and van der Linden, G and Malysheva, L and

Melchinger, A E and Orford, S and O'Sullivan, D and Reif, J C and

R\"{o}der, M and Schulman, A and Vosman, B and van der Wiel, C and 

Wolf, M and Zhang, D and Reeves, JC},

TITLE = "{The GEDIFLUX EU Framework V project}",

JOURNAL = {Winter wheat dataset available from https://www.jic.ac.uk/science/CropGen/GEDIFLUX/index.htm},

VOLUME = {}, 

pages = {},

YEAR = {}

}

@Article{gediflux,

AUTHOR = {Reeves, J C and Chiapparino, E and Donini, P and Ganal, M and

Guiard, J and Hamrit, S and Heckenberger, M and Huang, X-Q and Van

Kaauwen, M and Kochieva, E and Koebner, R and Law,

J R and Lea, V and Le Clerc, V and Van der Lee, T and

Leigh, F and Van der Linden, G and Malysheva, L and

Melchinger, A E and Orford, S and Reif, J C and

R\"{o}der, M and Schulman, A and Vosman, B and Van der Wiel, C and

Wolf, M and Zhang, D},

TITLE = "{Changes over time in the genetic diversity of four
major European crops: a report from the Gediﬂux
Framework 5 project}",

JOURNAL = {Proceedings of the XVIIth
EUCARPIA General Congress, Tulln, Austria, 8–11
September 2004},

VOLUME = {},

pages = {3--7},

YEAR = {2004}

}



@Article{muge,

AUTHOR = {Sayar-Turet, M and Dreisigacker, S and Braun, H-J and

Hede, A and MacCormack, R and Boyd, LA},

TITLE = {Genetic variation within and between winter wheat genotypes

from Turkey, Kazakhstan and Europe as determined by NBS-profiling},

JOURNAL = {Genome},

VOLUME = {54},

pages = {419--430},

YEAR = {2011}

}





@Article{reif,

AUTHOR = {Reif, J C and Melchinger, A E and Frisch, M},

TITLE = { Genetical and mathematical properties of similarity 

coefficients applied in plant breeding and seed bank management},

 JOURNAL = {Crop Science},

VOLUME = {45},

pages = {1--7},

YEAR = {2005}

}

 

@article{A99,

Author={Ayala, F.J.},

title={Molecular clock mirages},

 JOURNAL = {BioEssays},

 VOLUME = {21},

issue = {1},

pages = {71-–75},

year={1999}

}



@article{SM06,

Author={Schwartz, J. H. and Maresca, B.},

title={Do molecular clocks run at all? A critique of molecular systematics},

 JOURNAL = {Biological Theory},

VOLUME = {1},

issue = {4},

pages = {357--371},

year={2006}

}







@Article{GG03,

AUTHOR = {Desper, R  and Gascuel, Olivier},

TITLE = {The minimum evolution distance-based approach to phylogenetic 

inference},

JOURNAL = {Gascuel O, editor. Mathematics of Evolution and Phylogeny},

YEAR = {2003},

NUMBER = {5},

pages = {696--704}

}

@article{RF81,

   title={Comparison of Phylogenetic Trees},

   author={Robinson, D.F. and Foulds, Leslie R.},

   journal={Mathematical Biosciences},

   volume={53},

   number={1},

   pages={131--147},

   year={1981}

}



@book{GJ79,

  author = {Garey, Michael R. and Johnson, David S.},

  title = {Computers and Intractability: A Guide to the Theory of

                   NP-Completeness},

  year = {1979},

  publisher = {W. H. Freeman \& Co.},

  }



@article{P02,

 title={Modified mincut supertrees},

author={Page,R.D.M},

 JOURNAL = {In Proceedings of Workshop on Algorithms in 

Bioinformatics (WABI '02),  Springer Lecture Notes in Computer Science},

 pages={537 -- 552},

 year={2002},

volume={2452},

}



@article{XLDFB10,

 title={Using SSRmarkers to evaluate the genetic diversity of 

{\em Lentinula edodes}’ natural germplasm in China},

author={Xiao, Y. and Liu, W. and Dai, Y. and Fu, C. and Bian, Y.},

 JOURNAL = {World J. Microbiol Biotechnol},

 pages={527-536},

 year={2010},

volume={26},

}



@article{DHPR06,

 title={Relaxed Phylogenetics and Dating with Confidence},

author={Drummond, A.J. and Ho, S.Y.W. and Phillips, M.J. and Rambaut A.},

 JOURNAL = {PLoS Biology},

 pages={e88},

 year={2006},

volume={4},

issue={5}

}

@article{structure,

title={Inference of population structure using multilocus genotype data},

author={Pritchard, J.K. and Stephens, M. and Donnelly, P.J.},

JOURNAL={Genetics},

pages={945-959},

year={2000},

volume={155},

}

@article{admixture,

title={Fast model-based estimation of ancestry in unrelated individuals},

author={Alexander, D.H. and Novembre, J. and Lange, K.},

JOURNAL={Genome Research}, 

pages={1655–1664}, 

year={2009},

volume={19},

}

@Unpublished{ phylip,
	author = "J Felsenstein",
	note = "Distributed by the author. Department of Genome Sciences, University of Washington, Seattle",
	title = "{PHYLIP (Phylogeny Inference Package) version 3.6}",
	year = "2004"
}

@article{MLMST06,

title={Nucleotide-binding site (NBS) profiling of genetic diversity in durum wheat},

author={Mantovani, Paola and van der Linden, Gerard and Maccaferri, Marco and Sanguineti, Maria Corinna and Tuberosa, Roberto},

JOURNAL={Genome},

pages={1473–1480},

year={2006},

volume={49},

}


