@techreport{yianilos91,
  author = 	 {Peter N. Yianilos},
  title = 	 {Normalized Forms for Two Common Metrics},
  institution =  {NEC Research Institute},
  year = 	 {2002}
}

@article{mahalanobis30distance,
author = {P.C. Mahalanobis},
title = {On Tests and Measures of Group Divergence},
journal = {Journal of the Asiatic Society of Bengal},
issue = {26},
pages = {541--588},
year = {1930}
}

@article{leon2005generalized,
  title={A Generalized {Mahalanobis} Distance for Mixed Data},
  author={De Leon, A.R. and Carri\`{e}re, K.C.},
  journal={Journal of Multivariate Analysis},
  volume={92},
  number={1},
  pages={174--185},
  year={2005},
  publisher={Elsevier}
}

@Comment dissimilarity, Kullback-Leibler divergence
@book{kullback68information,
author = {Kullback, Solomon},
title = {Information Theory and Statistics},
year = {1968},
publisher = {Dover Publications, Inc.},
address = {New York}
}

@article {bhattacharyya43distance,
    author = {Bhattacharyya, A.},
     title = {On a Measure of Divergence between Two Statistical Populations
              Defined by their Probability Distributions},
   journal = {Bulletin of the Calcutta Mathematical Society},
    volume = {35},
      year = {1943},
     pages = {99--109},
      issn = {0008-0659},
   mrclass = {62.0X},
  mrnumber = {0010358 (6,7b)},
mrreviewer = {R. L. Anderson},
}

@article{endres03metric,
author={Endres, D.M. and Schindelin, J.E.},
title={A New Metric for Probability Distributions},
journal={{IEEE} Transactions on Information Theory},
year={2003},
month={July},
volume={49},
number={7},
pages={1858--1860},
keywords={ Bayesian interpretation; Jensen-Shannon divergence; asymptotic approximation; bounded information-theoretically motivated metric; capacitory discrimination; probability distributions; square root; chi;2 distance; Bayes methods; information theory; probability;},
doi={10.1109/TIT.2003.813506},
ISSN={0018-9448}
}

@article {hamming50errorcodes,
    author = {Hamming, Richard W.},
     title = {Error Detecting and Error Correcting Codes},
   journal = {Bell System Tech. J.},
  fjournal = {The Bell System Technical Journal},
    volume = {29},
      year = {1950},
     pages = {147--160},
      issn = {0005-8580},
   mrclass = {60.0X},
  mrnumber = {0035935 (12,35c)},
mrreviewer = {H. H. Goldstine},
}

@article{zadeh1965fuzzy,
  title={Fuzzy Sets},
  author={Zadeh, L.A.},
  journal={Information and Control},
  volume={8},
  number={3},
  pages={338--353},
  year={1965},
  publisher={Elsevier}
}

@article{gottwald2010fuzzy,
title = "An Early Approach toward Graded Identity and Graded Membership in Set
                  Theory",
journal = "Fuzzy Sets and Systems",
volume = "161",
number = "18",
pages = "2369--2379",
year = "2010",
issn = "0165-0114",
doi = "10.1016/j.fss.2009.12.005",
author = "Siegfried Gottwald",
keywords = "Fuzzy set theory",
keywords = "Universes of fuzzy sets",
keywords = "Mathematical fuzzy logic",
keywords = "Graded identities",
keywords = "Boolean valued universes"
}

@misc{braun2003geometry,
  title={The Geometry of the {Hausdorff} Metric},
  author={Dominic Braun and John Mayberry and Audrey Powers and Steven
                  Schlicker},
  year={2003}
}

@article{levenshtein1965distance,
author={\fontencoding{T2A}\selectfont В.И. Левенштейн},
title={\fontencoding{T2A}\selectfont Двоичные коды с исправлением выпадений,
                  вставок и замещений символов},
journal={\fontencoding{T2A}\selectfont Доклады Академий Наук СCCP},
volume={163},
issue={4},
pages={845--848},
year={1965},
note={English language version: \citep{levenshtein1966distanceEN}}
}
@article{levenshtein1966distanceEN,
author={Levenshtein, Vladimir I.},
title={Binary Codes Capable of Correcting Deletions, Insertions, and
                  Reversals},
journal={Soviet Physics Doklady},
volume={10},
pages={707--710},
year={1966}
}

@book{deza2009encyclopedia,
  title={Encyclopedia of Distances},
  author={Deza, Michel Marie and Deza, Elena},
  isbn={9783642002335},
  lccn={2009921824},
  year={2009},
  publisher={Springer}
}
