@book{semple2003phylogenetics,
  title={Phylogenetics},
  author={Semple, Charles and Steel, Mike},
  isbn={978-0-198-50942-4},
  lccn={2002027406},
  series={Oxford Lecture Series in Mathematics and its Applications},
  year={2003},
  publisher={Oxford University Press}
}

@article {dress11lassoing,
   author = {Dress, Andreas W. M. and Huber, Katharina T. and Steel, Mike},
   affiliation = {CAS-MPG Partner Institute and Key Lab for Computational
                  Biology, Shanghai, China},
   title = {`{Lassoing}' a Phylogenetic Tree {I}: Basic Properties, Shellings,
                  and Covers},
   year = {2011},
   journal = {Journal of Mathematical Biology},
   publisher = {Springer Berlin/Heidelberg},
   issn = {0303-6812},
   keyword = {Mathematics and Statistics},
   pages = {1--29},
   doi = {10.1007/s00285-011-0450-4}
}

@article{huber2014tree,
  title={Tree Reconstruction from Triplet Cover Distances},
  author={Huber, Katharina T. and Steel, Mike},
  journal={The Electronic Journal of Combinatorics},
  volume={21},
  number={2},
  pages={2--15},
  year={2014}
}

@article{huber13lassoing,
title={Lassoing and Corralling Rooted Phylogenetic Trees},
author={Huber, Katharina T. and Popescu, Andrei-Alin},
year={2013},
issn={0092-8240},
journal={Bulletin of Mathematical Biology},
volume={75},
number={3},
doi={10.1007/s11538-013-9815-8},
publisher={Springer-Verlag},
keywords={Rooted phylogenetic tree; Lasso; Corral; Partial distance; Incomplete taxon coverage},
pages={444-465},
language={English},
note={arXiv:1208.5594}
}

@unpublished{huber2012construction,
author={Huber, Katharina T. and George Kettleborough},
title={Reconstructing Rooted {$X$}-trees from their Lassos},
year=2012,
note={in preparation}
}

@book{bigg1976graph,
  title={Graph Theory, 1736-1936},
  author={Biggs, N.L. and Lloyd, E.K. and Wilson, R.J.},
  isbn={978-0-198-53916-2},
  lccn={lc87158862},
  year={1976},
  publisher={Oxford University Press, Incorporated}
}

@mastersthesis{kahrimanian53differentiation,
author = {Harry George Kahrimanian},
title = {Analytical Differentiation by a Digital Computer},
school = {Temple University},
address = {Philadelphia, Penn., USA},
year = 1953,
month = {May}
}

@article{guenoche1999approximations,
  title={Approximations par arbre d'une distance partielle},
  author={Guénoche, Alain and Grandcolas, Stéphane},
  journal={Mathématiques, Informatique et Sciences Humaines},
  volume={37},
  number={146},
  pages={51--64},
  year={1999},
  publisher={Éditions de l'école des hautes études en sciences sociales}
}

@article{makarenkov2001nouvelle,
  title={Une nouvelle méthode efficace pour la reconstruction des arbres
                  additifs à partir des matrices de distances incomplètes},
  author={Makarenkov, Vladimir},
  journal={Proceedings of the 8-ièmes Rencontres de la Société Francophone de
                  Classification},
  pages={238--244},
  year={2001}
}

@article{guenoche2004extension,
  title={On the Extension of a Partial Metric to a Tree Metric},
  author={Guénoche, Alain and Leclerc, Bruno and Makarenkov, Vladimir},
  journal={Discrete Mathematics},
  volume={276},
  number={1},
  pages={229--248},
  year={2004},
  publisher={Elsevier}
}

@article{gaul1994pyramidal,
  title={Pyramidal Classification Based on Incomplete Dissimilarity Data},
  author={Gaul, Wolfgang and Schader, Martin},
  journal={Journal of Classification},
  volume={11},
  number={2},
  pages={171--193},
  year={1994},
  publisher={Springer}
}

@article{de1984ultrametric,
  title={Ultrametric Tree Representations of Incomplete Dissimilarity Data},
  author={De Soete, Geert},
  journal={Journal of Classification},
  volume={1},
  number={1},
  pages={235--242},
  year={1984},
  publisher={Springer}
}

@incollection{schader1992mvl,
  title={The {MVL} (Missing Values Linkage) Approach for Hierarchical Classification when Data are Incomplete},
  author={Schader, M and Gaul, W},
  booktitle={Analyzing and Modeling Data and Knowledge},
  pages={107--115},
  year={1992},
  publisher={Springer}
}

@article{farach1995robust,
  title={A Robust Model for Finding Optimal Evolutionary Trees},
  author={Farach, Martin and Kannan, Sampath and Warnow, Tandy},
  journal={Algorithmica},
  volume={13},
  number={1-2},
  pages={155--179},
  year={1995},
  publisher={Springer}
}

@incollection{BL09,
year={2008},
isbn={978-3-540-85096-0},
booktitle={Combinatorial Optimization and Applications},
volume={5165},
series={Lecture Notes in Computer Science},
editor={Yang, Boting and Du, Ding-Zhu and Wang, CaoAn},
doi={10.1007/978-3-540-85097-7_15},
title={Simplicial Powers of Graphs},
url={http://dx.doi.org/10.1007/978-3-540-85097-7_15},
publisher={Springer Berlin Heidelberg},
keywords={Graph powers; leaf powers; simplicial powers; forbidden induced
                  subgraph characterization; chordal graphs; block graphs;
                  ptolemaic graphs; strongly chordal graphs},
author={Brandstädt, Andreas and Le, VanBang},
pages={160-170}
}

@article{CFHV12,
year={2012},
issn={0911-0119},
journal={Graphs and Combinatorics},
volume={28},
number={1},
doi={10.1007/s00373-011-1040-3},
title={$k$-Domination and $k$-Independence in Graphs: A Survey},
url={http://dx.doi.org/10.1007/s00373-011-1040-3},
publisher={Springer Japan},
keywords={k-Domination; k-Independence; k-Tuple domination; k-Irredundance; k-Star-forming; l-Total k-domination; Connected k-domination; 05C69},
author={Chellali, Mustapha and Favaron, Odile and Hansberg, Adriana and Volkmann, Lutz},
pages={1-55},
language={English}
}

@article{FFZ97,
title = "Claw-free graphs --- A survey ",
journal = "Discrete Mathematics ",
volume = "164",
number = "1–3",
pages = "87 - 147",
year = "1997",
issn = "0012-365X",
doi = "10.1016/S0012-365X(96)00045-3",
url = "http://www.sciencedirect.com/science/article/pii/S0012365X96000453",
author = "Ralph Faudree and Evelyne Flandrin and Zdeněk Ryjáček"
}

@book{H72,
title = {Graph Theory},
author = {Frank Harary},
isbn = {978-0-201-02787-7},
year = {1972},
publisher = {Addison-Wesley Publishing Co.}
}

@article{philippe2004phylogenomics,
  title={Phylogenomics of Eukaryotes: Impact of Missing Data on Large Alignments},
  author={Philippe, Hervé and Snell, Elizabeth A. and Bapteste, Eric and Lopez,
                  Philippe and Holland, Peter W.H. and Casane, Didier},
  journal={Molecular Biology and Evolution},
  volume={21},
  number={9},
  pages={1740--1752},
  year={2004},
  publisher={SMBE}
}

@article{sanderson10phylogenomics,
  title={Phylogenomics with Incomplete Taxon Coverage: The Limits to Inference},
  author={Sanderson, Michael and McMahon, Michelle and Steel, Mike},
  journal={{BMC} Evolutionary Biology},
  volume={10},
  number={1},
  pages={155},
  year={2010},
  publisher={BioMed Central Ltd}
}

@article{steel10characterizing,
  title={Characterizing Phylogenetically Decisive Taxon Coverage},
  author={Steel, Mike and Sanderson, Michael J},
  journal={Applied Mathematics Letters},
  volume={23},
  number={1},
  pages={82--86},
  year={2010},
  publisher={Elsevier}
}

@article{powell1977restart,
  title={Restart Procedures for the Conjugate Gradient Method},
  author={Powell, Michael James David},
  journal={Mathematical Programming},
  volume={12},
  number={1},
  pages={241--254},
  year={1977},
  publisher={Springer}
}

@article{ramos11papaya,
  title={Comparison of Multiallelic Distances for the Quantification of
                  Genetic Diversity in the Papaya},
  author={Ramos, Helaine Christine Cancela and Pereira, Messias Gonzaga and
                  Gonçalves, Leandro Simões Azeredo and Amaral
                  Júnior, Antonio Teixeira do and Scapim, Carlos Alberto},
  journal={Acta Scientiarum. Agronomy},
  volume={33},
  number={1},
  pages={59--66},
  year={2011},
  publisher={SciELO Brasil}
}

@book{DHKMS11,
  title={Basic Phylogenetic Combinatorics},
  author={Dress, A. and Huber, K.T. and Koolen, J. and Moulton, V. and
                  Spillner, A.},
  isbn={978-0-521-76832-0},
  lccn={2011043264},
  year={2012},
  publisher={Cambridge University Press}
}

@book{BG91,
  title={Trees and Proximity Representations},
  author={Barthélemy, J.P. and Guénoche, A.},
  isbn={978-0-471-92263-6},
  lccn={91013808},
  year={1991},
  publisher={Wiley}
}

@unpublished{HS13,
title={Reconstructing Fully-Resolved Trees from Triplet Cover Distances},
author={Huber, Katharina T. and Steel, Mike},
year={2013},
note={submitted}
}

@article{GS01,
  title={On the Nullity of Line Graphs of Trees},
  author={Gutman, I. and Sciriha, I.},
  journal={Discrete Mathematics},
  volume={232},
  number={1},
  pages={35--45},
  year={2001},
  publisher={Elsevier}
}

@article{MSST06,
  title={More about Singular Line Graphs of Trees},
  author={Marino, M.C. and Sciriha, I. and Simić, S.K. and
                  Tošić, D.V.},
  journal={Publications de l'Institut Mathématique, Nouvelle Série},
  volume={79},
  number={93},
  pages={1--12},
  year={2006}
}

@article{BR13,
  title={On the Adjacency Matrix of a Block Graph},
  author={Bapat, R.B. and Roy, S.},
  year={2013},
  journal={Linear and Multilinear Algebra}
}

@book{diestel,
  title={Graph Theory},
  author={Diestel, R.},
  year={2005},
  publisher={Springer-Verlag},
  isbn={978-3-540-26182-7}
}

@book{bininda04phylogenetic,
  title={Phylogenetic Supertrees: Combining Information to Reveal the Tree of
                  Life},
  author={Bininda-Emonds, O.R.P.},
  isbn={978-1-402-02328-6},
  lccn={2004051550},
  year={2004},
  publisher={Springer}
}

@phdthesis{bryant97buildingtrees,
    author = {David Bryant},
    title = {Building Trees, Hunting for Trees, and Comparing Trees---Theory
                  and Methods in Phylogenetic Analysis},
    school = {University of Canterbury},
    year = {1997}
}

@article{saitou1987nj,
author = {Saitou, N and Nei, M}, 
title = {The Neighbor-Joining Method: A New Method for Reconstructing
                  Phylogenetic Trees},
volume = {4}, 
number = {4}, 
pages = {406-425}, 
year = {1987}, 
URL = {http://mbe.oxfordjournals.org/content/4/4/406.abstract}, 
journal = {Molecular Biology and Evolution} 
}

@article{sokal1958statistical,
  title={A Statistical Method for Evaluating Systematic Relationships},
  author={Sokal, Robert R},
  journal={University of Kansas Science Bulletin},
  volume={38},
  pages={1409--1438},
  year={1958},
  note={UPGMA}
}

@book{darwin1859origin,
  title={On the Origin of Species by Means of Natural Selection, or The
                  Preservation of Favoured Races in the Struggle for Life},
  author={Darwin, Charles},
  year={1859},
  publisher={John Murray},
  address={London}
}

@misc{darwin1837notebook,
  title={Notebook {B}: Transmutation of species},
  year={1837--1838},
  author={Darwin, Charles}
}

@book{corblet1860etude,
  title={Étude iconographique sur l'arbre de {Jessé}},
  author={Corblet, J.},
  year={1860},
  publisher={Librairie Archéologique de Charles Blériot},
  address={Paris},
  language={French}
}

@article{euler1735solutio,
  title={Solutio problematis ad geometriam situs pertinentis},
  author={Euler, Leonhard},
  journal={Commentarii academiae scientiarum Petropolitanae},
  volume={8},
  pages={128--140},
  year={1741}
}

@book{felsenstein2004inferring,
  title={Inferring Phylogenies},
  author={Felsenstein, Joseph},
  isbn={978-0-878-93177-4},
  year={2003},
  publisher={Sinauer Associates}
}

@article{aho1981inferring,
  title={Inferring a Tree from Lowest Common Ancestors with an Application to
                  the Optimization of Relational Expressions},
  author={Aho, Alfred V. and Sagiv, Yehoshua and Szymanski, Thomas G. and
                  Ullman, Jeffrey D.},
  journal={SIAM Journal on Computing},
  volume={10},
  number={3},
  pages={405--421},
  year={1981},
  publisher={SIAM}
}

@incollection{bryant04supertree,
year={2004},
isbn={978-1-4020-2329-3},
booktitle={Phylogenetic Supertrees},
volume={4},
series={Computational Biology},
editor={Bininda-Emonds, O.R.P.},
doi={10.1007/978-1-4020-2330-9_7},
title={Supertree Methods for Ancestral Divergence Dates and other
                  Applications},
publisher={Springer Netherlands},
keywords={Build; divergence dates; rooted phylogenetic tree; supertree},
author={Bryant, David and Semple, Charles and Steel, Mike},
pages={129-150},
language={English}
}

@article{steel1992complexity,
  title={The Complexity of Reconstructing Trees from Qualitative Characters
                  and Subtrees},
  author={Steel, Mike},
  journal={Journal of Classification},
  volume={9},
  number={1},
  pages={91--116},
  year={1992},
  publisher={Springer}
}

@article{criscuolo2006sdm,
author = {Criscuolo, Alexis and Berry, Vincent and Douzery, E.J.P and Gascuel,
                  Olivier},
title = {SDM: A Fast Distance-Based Approach for (Super)Tree Building in
                  Phylogenomics},
journal = {Systematic Biology},
volume = {55},
issue={5},
year = {2006},
pages = {740--755},
}

@Article{criscuolo2008fastnj,
AUTHOR = {Criscuolo, Alexis and Gascuel, Olivier},
TITLE = {Fast {NJ}-like Algorithms to Deal with Incomplete Distance Matrices},
JOURNAL = {BMC Bioinformatics},
VOLUME = {9},
YEAR = {2008},
NUMBER = {1},
PAGES = {166},
DOI = {10.1186/1471-2105-9-166},
PubMedID = {18366787},
ISSN = {1471-2105}}

@article{robinson1981comparison,
  title={Comparison of Phylogenetic Trees},
  author={Robinson, D.F. and Foulds, Leslie R.},
  journal={Mathematical Biosciences},
  volume={53},
  number={1},
  pages={131--147},
  year={1981},
  publisher={Elsevier}
}

@article{gronau2007optimal,
  title={Optimal Implementations of {UPGMA} and Other Common Clustering Algorithms},
  author={Gronau, Ilan and Moran, Shlomo},
  journal={Information Processing Letters},
  volume={104},
  number={6},
  pages={205--210},
  year={2007},
  publisher={Elsevier}
}

@book{durbin1998biological,
  title={Biological Sequence Analysis: Probabilistic Models of Proteins and Nucleic Acids},
  author={Durbin, Richard and Eddy, Sean R. and Krogh, Anders and Mitchison, Graeme},
  year={1998},
  publisher={Cambridge University Press},
  isbn={978-0-521-62971-3}
}

@article{lance66theory,
title={A General Theory of Classificatory Sorting Strategies 1. Hierarchical systems},
author={Lance, G. N. and Williams, W. T.},
year={1966},
journal={Computer Journal},
volume={9},
pages={373--380}
}

@article{murtagh1984complexities,
  title={Complexities of Hierarchic Clustering Algorithms: State of the Art},
  author={Murtagh, Fionn},
  journal={Computational Statistics Quarterly},
  volume={1},
  number={2},
  pages={101--113},
  year={1984}
}

@article{murtagh1983survey,
  title={A Survey of Recent Advances in Hierarchical Clustering Algorithms},
  author={Murtagh, Fionn},
  journal={The Computer Journal},
  volume={26},
  number={4},
  pages={354--359},
  year={1983},
  publisher={Br Computer Soc}
}

@article{murtagh2011methods,
  title={Methods of Hierarchical Clustering},
  author={Murtagh, Fionn and Contreras, Pedro},
  journal={arXiv preprint arXiv:1105.0121},
  year={2011}
}

@article{de1980classification,
  title={La classification hiérarchique ascendante selon la méthode des
                  voisins réciproques},
  author={De Rham, C.},
  journal={Cahiers de l'Analyse des Données},
  volume={5},
  number={2},
  pages={135--144},
  year={1980},
  publisher={Dunod-Gauthier-Villars}
}

@article{juan1982programme,
  title={Programme de classification hiérarchique par l'algorithme de la
                  recherche en chaîne des voisins réciproques},
  author={Juan, J},
  journal={Cahiers de l'Analyse des Données},
  volume={7},
  number={2},
  pages={219--225},
  year={1982},
  publisher={Dunod-Gauthier-Villars}
}

@misc{felsenstein1993phylip,
  author = {Felsenstein, Joseph},
  url={http://evolution.genetics.washington.edu/phylip.html},
  publisher = {Joseph Felsenstein},
  title = {PHYLIP (Phylogeny Inference Package), version 3.695},
  year = {2013}
}

@article{roure12impact,
  title={Impact of Missing Data on Phylogenies Inferred from Empirical
                  Phylogenomic Data Sets},
  author={Roure, Beatrice and Baurain, Denis and Philippe, Herve  },
  journal={Molecular Biology and Evolution},
  volume={30},
  number={1},
  pages={197--214},
  year={2012}
}

@article{brinkmeyer13flipcut,
title={FlipCut Supertrees: Towards Matrix Representation Accuracy in
                  Polynomial Time},
author={Brinkmeyer, M and Griebel, T and Boecker, S},
journal={Algorithmica}, 
volume={67},
pages={142-160},
year={2013}
}

@article{queiroz06supermatrix,
 title={The Supermatrix Approach to Systematics}, 
author={Queiroz, A. and Gatesy, J.},
journal={Trends in Ecology and Evolution},
 volume={22},
issue={1},
pages={34--41},
 year={2006}
}

@incollection{lapointe04everything,
  title={Everything You Always Wanted to Know about the Average Consensus and
                  More},
  author={Lapointe, F.J. and Levasseur, C},
  booktitle={Phylogenetic Supertrees: Combining Information to Reveal the Tree
                  of Life},
editor={Bininda-Emonds, O.R.P.},
  pages={87--105},
  year={2004},
  publisher={Kluwer Academic Publishers}
}

@article{willson04constructing,
 title={Constructing Rooted Supertrees Using Distances}, 
author={Willson, S.J.},
journal={Bulletin of Mathematical Biology},
 volume={66},
issue={6},
pages={1755--1783},
 year={2004}
}

@article{kupczok11consequences,
 title={Consequences of Different Null Models on the Tree Shape Bias of
                  Supertree Methods}, 
author={Kupczok, A},
journal={Systematic Biology},
 volume={60},
issue={2},
pages={218--225},
 year={2011}
}

@article{gascuel97bionj,
title={{BIONJ}: An Improved Version of the {NJ} Algorithm Based on a Simple
                  Model of Sequence Data},
 author={Gascuel, Olivier},
journal = {Molecular Biology and Evolution}, 
 volume={14},
  pages={685--695},
  year={1997}
}

@article{ayala99molecular,
Author={Ayala, F.J.},
title={Molecular Clock Mirages},
 JOURNAL = {BioEssays},
 VOLUME = {21},
issue = {1},
pages = {71-–75},
year={1999}
}

@article{schwartz06molecular,
Author={Schwartz, J. H. and Maresca, B.},
title={Do Molecular Clocks Run At All? A Critique of Molecular Systematics},
 JOURNAL = {Biological Theory},
VOLUME = {1},
issue = {4},
pages = {357--371},
year={2006}
}

@article{bouckaert14beast,
title={{BEAST} 2: A Software Platform for {Bayesian} Evolutionary Analysis},
author={Bouckaert, R and Heled, J and Kühnert, D and Vaughan, T and Wu, C-H
                  and Xie, D and Suchard, M.A. and Rambaut, A and Drummond,
                  A.J.},
journal={PLoS Computational Biology},
volume={10},
pages={e1003537},
year={2014}
}

@article{xiao10ssr,
 title={Using {SSR} Markers to Evaluate the Genetic Diversity of {\em
                  Lentinula Edodes'} Natural Germplasm in {China}},
author={Xiao, Y. and Liu, W. and Dai, Y. and Fu, C. and Bian, Y.},
 JOURNAL = {World J. Microbiol Biotechnol},
 pages={527-536},
 year={2010},
volume={26},
}

@article{weir08ice,
title={Ice Sheets Promote Species in Boreal Birds},
author={Weir, J T. and Schluter, D},
year={2008},
journal={Proceedings of the Royal Society of London Biological Sciences},
volume={271},
pages={1881-1997},
}

@article{confal1998mitochon,
title       = {Mitochondrial {DNA} and Phylogeography of the Grasshopper
                  {\em Trimerotropis pallidipennis} in Relation to Clinical
                  Distribution of Chromosome Polymorphisms},
author      = {Confalonieri, VA and Sequeira, AS and Todaro, L and Vilardi,
                  JC},
journal     = {Heredity},
volume      = {81},
issue={},
year        = {1998},
pages       = {444-452}
} 

@article{weir08calibrating,
title={Calibrating the Avian Molecular Clock},
author={Weir, J.T. and Schluter, D.},
year={2008},
journal={Molecular Ecology},
volume={17},
pages={2321-2328}
}

@Article{hellmuth13orthology,
AUTHOR = {Hellmuth, M. and Hernandez-Rosales, M. and Huber, K.T. and Moulton, V.
                  and Stadler, P.F.},
TITLE = {Orthology Relations, Symbolic Ultrametrics, and Co-Graphs},
JOURNAL = {Journal of Mathematical Biology},
VOLUME = {66},
issue={1--2},
YEAR = {2013},
pages = {399-420},
}

@article{misof13selecting,
 title={Selecting Informative Subsets of Sparse Suprematrics Increases the
                  Chance to Find Correct Trees}, 
author={Misof, B. and Meyer, B. and Reumont, von B.M. and Kück, P. and Misof,
                  K.  and Meusemann, K.},
journal={BMC Bioinformatics},
 volume={14},
pages={348},
 year={2013}
}

@Article{scorn08physic,
AUTHOR = {Scornavacca, C. and Berry, V. and Lefort, V. and Douzery, E.J.P and
                  Ranwez, V.},
TITLE = {{PhySICIST}: Cleaning Source Trees to Infer More Informative
                  Supertrees},
JOURNAL = {BMC Bioinformatics},
VOLUME = {9}, 
pages = {413},
YEAR = {2008}
}

@article{west14ribosomal,
title = "{Ribosomal {DNA} Sequence Heterogeneity Reflects Intraspecies
                  Phylogenies and Predicts Genome Structure in Two Contrasting
                  Yeast Species}",
author = {West, Claire and James, Stephen A. and Davey, Robert P. and Dicks,
                  Jo and Roberts, Ian N.}, 
journal = {Systematic Biology},
volume = {\url{http://dx.doi.org/10.1093/sysbio/syu019}},
year = {2014}
}

@Article{gediflux,
AUTHOR = {Reeves, J C and Chiapparino, E and Donini, P and Ganal, M and
                  Guiard, J and Hamrit, S and Heckenberger, M and Huang, X-Q
                  and Van Kaauwen, M and Kochieva, E and Koebner, R and Law, J
                  R and Lea, V and Le Clerc, V and Van der Lee, T and Leigh, F
                  and Van der Linden, G and Malysheva, L and Melchinger, A E
                  and Orford, S and Reif, J C and Röder, M and Schulman, A and
                  Vosman, B and Van der Wiel, C and Wolf, M and Zhang, D},
TITLE = {Changes Over Time in the Genetic Diversity of Four Major {European}
                  Crops: A Report from the {Gediflux} Framework 5 Project},
JOURNAL = {Proceedings of the {XVII}th {EUCARPIA} General Congress, Tulln,
                  Austria, 8–11 September 2004},
VOLUME = {},
pages = {3--7},
YEAR = {2004}
}

@Article{muge,
AUTHOR = {Sayar-Turet, M and Dreisigacker, S and Braun, H-J and Hede, A and
                  MacCormack, R and Boyd, LA},
TITLE = {Genetic Variation Within and Between Winter Wheat Genotypes from
                  {Turkey}, {Kazakhstan} and {Europe} as Determined by
                  {NBS}-Profiling},
JOURNAL = {Genome},
VOLUME = {54},
pages = {419--430},
YEAR = {2011}
}

@Article{liti,
	author = "G. Liti and D. M. Carter and A. M. Moses and J. Warringer
                  and L. Parts and S. A. James and R. P. Davey and
                  I. N. Roberts and A. Burt and V. Koufopanou and I. J. Tsai
                  and C. M. Bergman and D. Bensasson and M. J. O'Kelly and
                  A. {van Oudenaarden} and D. B. Barton and E. Bailes and
                  A. N. Nguyen and M. Jones and M. A. Quail and I. Goodhead
                  and S. Sims and F. Smith and A. Blomberg and R. Durbin and
                  E. J. Louis",
	journal = "Nature",
	number = "7236",
	pages = "337--41",
	title = {Population Genomics of Domestic and Wild Yeasts},
	volume = "458",
	year = "2009"
}

@Article{cavalli,
	author = "L. L. Cavalli-Sforza and A. W. Edwards",
	journal = "The American Journal of Human Genetics",
	number = "3:1",
	pages = "233--57",
	title = {Phylogenetic Analysis. Models and Estimation Procedures},
	volume = "19",
	year = "1967"
}

@Article{reif,
AUTHOR = {Reif, J C and Melchinger, A E and Frisch, M},
TITLE = {Genetical and Mathematical Properties of Similarity Coefficients
                  Applied in Plant Breeding and Seed Bank Management},
 JOURNAL = {Crop Science},
VOLUME = {45},
pages = {1--7},
YEAR = {2005}
}

@article{structure,
title={Inference of Population Structure using Multilocus Genotype Data},
author={Pritchard, J.K. and Stephens, M. and Donnelly, P.J.},
JOURNAL={Genetics},
pages={945-959},
year={2000},
volume={155},
}

@article{admixture,
title={Fast Model-Based Estimation of Ancestry in Unrelated Individuals},
author={Alexander, D.H. and Novembre, J. and Lange, K.},
JOURNAL={Genome Research}, 
pages={1655–1664}, 
year={2009},
volume={19},
}

@article{mantovani06nbs,
title={Nucleotide-Binding Site ({NBS}) Profiling of Genetic Diversity in Durum
                  Wheat},
author={Mantovani, Paola and van der Linden, Gerard and Maccaferri, Marco and
                  Sanguineti, Maria Corinna and Tuberosa, Roberto},
JOURNAL={Genome},
pages={1473–1480},
year={2006},
volume={49},
}

@article{page02mincut,
 title={Modified Mincut Supertrees},
author={Page, R.D.M},
 JOURNAL = {In Proceedings of Workshop on Algorithms in Bioinformatics (WABI
                  '02), Springer Lecture Notes in Computer Science},
 pages={537 -- 552},
 year={2002},
volume={2452},
}

@incollection{burbrink09molecular,
  title={Molecular Phylogeography of Snakes},
  author={Burbrink, FT and Castoe, TA },
  booktitle={Snakes:Ecology and conservation},
  pages={38-77},
  year={2009},
  publisher={Cornell University Press}
}

@article{drummond06relaxed,
 title={Relaxed Phylogenetics and Dating with Confidence},
author={Drummond, A.J. and Ho, S.Y.W. and Phillips, M.J. and Rambaut A.},
 JOURNAL = {PLoS Biology},
 pages={e88},
 year={2006},
volume={4},
issue={5}
}

